@misc{course_slides,
   author = {Souto, Pedro},
   title = {Distributed Systems - Course Slides},
   year = {2016},
   url = {https://moodle.up.pt/course/view.php?id=1129}
}

@article{chord_paper,
 author = {Stoica, Ion and Morris, Robert and Liben-Nowell, David and Karger, David R. and Kaashoek, M. Frans and Dabek, Frank and Balakrishnan, Hari},
 title = {Chord: A Scalable Peer-to-peer Lookup Protocol for Internet Applications},
 journal = {IEEE/ACM Trans. Netw.},
 issue_date = {February 2003},
 volume = {11},
 number = {1},
 month = feb,
 year = {2003},
 issn = {1063-6692},
 pages = {17--32},
 numpages = {16},
 url = {http://dx.doi.org/10.1109/TNET.2002.808407},
 doi = {10.1109/TNET.2002.808407},
 acmid = {638336},
 publisher = {IEEE Press},
 address = {Piscataway, NJ, USA},
 keywords = {distributed scalable algorithms, lookup protocols, peer-to-peer networks},
} 

@misc{donut,
   author = {Levy, Amit and Prouty, Jeff and Hawkins, Rylan},
   title = {Donut: A Robust Distributed Hash Table based on Chord},
   year = {},
   url = {http://alevy.github.io/donut/donut.pdf}
}

@misc{past,
   author = {P. Druschel and A. Rowstron},
   title = {PAST: A large-scale, persistent peer-to-peer storage utility},
   year = {2001},
   url = {http://www.freepastry.org/PAST/hotos.pdf}
}

@misc{cling,
   author = {},
   title = {Cling},
   year = {},
   url = {http://4thline.org/projects/cling/}
}


